%blended paradigm references%

%@Preamble{ " \newcommand{\noop}[1]{} " }


@article{adimari2002,
  title={Quasi-likelihood from {M}-estimators: A numerical comparison with empirical likelihood},
  author={Adimari, Gianfranco and Ventura, Laura},
  journal={Statistical Methods and Applications},
  volume={11},
  number={2},
  pages={\ 175--185},
  year={2002},
  publisher={Springer}
}


@book{agresti2002,
  author = {A. Agresti},
  title = {{Categorical Data Analysis}},
  series = {Wiley Series in Probability and Statistics},
  publisher = {John Wiley \& Sons, Inc.},
  address={Hoboken, New Jersey},
  edition = {2nd},
  year = {2002}
}

@article{albert1988,
  title={Computational methods using a {B}ayesian hierarchical generalized linear model}, 
  author={Albert, James H},
  journal={Journal of the American Statistical Association},
  volume={ 83}, 
  pages={\ 1037-1045},
  year={1988}
}
  
@article{andrade2006,
  title={{B}ayesian robustness modeling using regularly varying distributions},
  author={Andrade, Jos{\'e} Ailton Alencar and O'Hagan, Anthony},
  journal={{B}ayesian Analysis},
  volume={1},
  number={1},
  pages={\ 169--188},
  year={2006},
  publisher={International Society for {B}ayesian Analysis}
}

@article{andrade2011,
  title={{B}ayesian Robustness Modelling of Location and Scale Parameters},
  author={Andrade, Jose Ailton Alencar and O'hagan, Anthony},
  journal={Scandinavian Journal of Statistics},
  volume={38},
  number={4},
  pages={\ 691--711},
  year={2011}
}

@InCollection{angrist1999,
  author={Angrist, Joshua D. and Krueger, Alan B.},
  editor={O. Ashenfelter and D. Card},
  title={Empirical strategies in labor economics},
  booktitle={Handbook of Labor Economics},
  publisher={Elsevier},
  year=1999,
  month={},
  volume={3},
  number={},
  series={Handbook of Labor Economics},
  chapter={23},
  pages={\ 1277-1366},
  keywords={},
}



@article{beaumont2002,
  added-at = {2009-11-10T19:40:10.000+0100},
  author = {Beaumont, M. A. and Zhang, W. and Balding, D. J.},
  journal = {Genetics},
  keywords = {approximate_{B}ayesian_computation population_genetics reading_group},
  month = Dec,
  pages = {2025--2035},
  title = {{A}pproximate {B}ayesian Computation in Population Genetics},
  volume = {162},
  year = {2002}
}


@article{beaumont2009,
  title={Adaptive approximate {B}ayesian computation},
  author={Beaumont, Mark A and Cornuet, Jean-Marie and Marin, Jean-Michel and Robert, Christian P},
  journal={Biometrika},
  volume={96},
  number={4},
  pages={\ 983--990},
  year={2009},
  publisher={Biometrika Trust}
}


@book{bergerText,
  title={Statistical decision theory and {B}ayesian analysis},
  author={Berger, James O},
  year={1985},
  publisher={Springer}
}


@article{berger1994,
  title={An overview of robust {B}ayesian analysis},
  author={Berger, James O.},
  journal={Test},
  volume={3},
  pages={5--124},
  year={1994},
  publisher={Springer}
}




@article{berger2006,
  title={The Case for Objective {B}ayesian Analysis},
  author={Berger, James},
  journal={{B}ayesian Analysis},
  volume={1},
  pages={385--402},
  year={2006},
  publisher={International Society for {B}ayesian Analysis}
}


@article{bissiri2013,
  title={A General Framework for Updating Belief Distributions},
  author={Bissiri, Pier and Holmes, Chris and Walker, Stephen},
  journal={arXiv preprint arXiv:1306.6430},
  year={2013}
}


  @article{bjorck1973,
     jstor_articletype = {research-article},
     title = {Numerical Methods for Computing Angles Between Linear Subspaces},
     author = {Bj\"{o}rck, {\AA}ke and Golub, Gene H.},
     journal = {Mathematics of Computation},
     jstor_issuetitle = {},
     volume = {27},
     number = {123},
     jstor_formatteddate = {Jul., 1973},
     pages = {579-594},
     url = {http://www.jstor.org/stable/2005662},
     ISSN = {00255718},
     language = {English},
     year = {1973},
     publisher = {American Mathematical Society},
     copyright = {Copyright 1973 American Mathematical Society},
    }


@article{blum2010,
  title={Approximate {B}ayesian Computation: A Nonparametric Perspective},
  author={Blum, Michael GB},
  journal={Journal of the American Statistical Association},
  volume={105},
  number={491},
  year={2010}
}


@article{bortot2007,
  title={Inference for stereological extremes},
  author={Bortot, Paola and Coles, Stuart G and Sisson, Scott A},
  journal={Journal of the American Statistical Association},
  volume={102},
  number={477},
  pages={\ 84--92},
  year={2007},
  publisher={Taylor \& Francis}
}

@article{box1968,
  title={A {B}ayesian Approach to Some Outlier Problems},
  author={Box, George EP and Tiao, George C},
  journal={Biometrika},
  volume={55},
  pages={119--129},
  year={1968},
  publisher={Biometrika Trust}
}%number={1},


@article{box1980,
     jstor_articletype = {research-article},
     title = {Sampling and {B}ayes' Inference in Scientific Modelling and Robustness},
     author = {Box, George E. P.},
     journal = {Journal of the Royal Statistical Society. Series A},
     jstor_issuetitle = {},
     volume = {143},
     jstor_formatteddate = {1980},
     pages = {383-430},
      abstract = {Scientific learning is an iterative process employing Criticism and Estimation. Correspondingly the formulated model factors into two complementary parts--a predictive part allowing model criticism, and a {B}ayes posterior part allowing estimation. Implications for significance tests, the theory of precise measurement and for ridge estimates are considered. Predictive checking functions for transformation, serial correlation, bad values, and their relation with {B}ayesian options are considered. Robustness is seen from a {B}ayesian viewpoint and examples are given. For the bad value problem a comparison with M estimators is made.},
     language = {English},
     year = {1980},
     publisher = {Wiley for the Royal Statistical Society},
     copyright = {Copyright © 1980 Royal Statistical Society},
    }
   


@book{casella,
  title={Statistical inference},
  author={Casella, George and Berger, Roger L},
  volume={70},
  year={1990},
  publisher={Duxbury Press Belmont, CA}
}


@article{bollinger2005,
     jstor_articletype = {research-article},
     title = {Iatrogenic Specification Error: A Cautionary Tale of Cleaning Data},
     author = {Christopher R. Bollinger and Amitabh Chandra},
     journal = {Journal of Labor Economics},
     jstor_issuetitle = {},
     volume = {23},
     number = {2},
     jstor_formatteddate = {April 2005},
     pages = {235-257},
     language = {English},
     year = {2005},
     publisher = {The University of Chicago Press on behalf of the Society of Labor Economists and the NORC at the University of Chicago},
     copyright = {Copyright � 2005 The University of Chicago},
    }


@article{chan1980,
     jstor_articletype = {research-article},
     title = {Robust Estimation of Location Using Optimally Chosen Sample Quantiles},
     author = {Chan, Lai K. and Rhodin, Lennart S.},
     journal = {Technometrics},
     jstor_issuetitle = {},
     volume = {22},
     number = {2},
     jstor_formatteddate = {May, 1980},
     pages = {  225-237},
     language = {English},
     year = {1980},
     publisher = {American Statistical Association and American Society for Quality},
     copyright = {Copyright � 1980 American Statistical Association and American Society for Quality},
    }

@article{clarke1995,
     jstor_articletype = {research-article},
     title = {Posterior Convergence Given the Mean},
     author = {Clarke, B. and Ghosh, J. K.},
     journal = {The Annals of Statistics},
     volume = {23},
     pages = {2116-2144},
     year = {1995},
     publisher = {Institute of Mathematical Statistics},
     copyright = {Copyright 1995 Institute of Mathematical Statistics},
    }
    %  number = {6},



    @article{daniell, 
     jstor_articletype = {research-article},
     title = {Observations Weighted According to Order},
     author = {Daniell, P. J.},
     journal = {American Journal of Mathematics},
     jstor_issuetitle = {},
     volume = {42},
     number = {4},
     jstor_formatteddate = {Oct., 1920},
     pages = {222-236},
     language = {English},
     year = {1920},
     publisher = {The Johns Hopkins University Press},
     copyright = {},
    }



@phdthesis{darnieder2011,
author = {William Francis Darnieder},
title = {{B}ayesian Methods for Data-Dependent Priors},
school = {The Ohio State University},
year = {2011},
}


@article{dawid1973,
  title={Posterior expectations for large observations},
  author={Dawid, A Philip},
  journal={Biometrika},
  volume={60},
  number={3},
  pages={664--667},
  year={1973},
  publisher={Biometrika Trust}
}


@book{dean1999,
  title={{Design and Analysis of Experiments}},
  author={Dean, Angela and Voss, Daniel},
  publisher={Springer Science + Business Media, Inc.},
  series = {Springer Texts in Statistics},
  address={New York, New York},
  year={1999}
}


@inproceedings{definetti1961,
  title={The {B}ayesian approach to the rejection of outliers},
  author={De Finetti, Bruno},
  booktitle={Proceedings of the 4th Berkeley Symposium on Mathematical Statistics and Probability},
  volume={1},
  pages={\ 199--210},
  year={1961}
}

@article{desgagne2011,
  title={Full robustness to outliers in a {B}ayesian location-scale model},
  author={Desgagn{\'e}, Alain},
  year={2011},
  publisher={UQAM}
}

@article{desgagne2013,
  title={Full Robustness in {B}ayesian Modelling of a Scale Parameter},
  author={Desgagn{\'e}, Alain},
  journal={{B}ayesian Analysis},
  volume={8},
  number={1},
  pages={\ 187--220},
  year={2013},
  publisher={International Society for {B}ayesian Analysis}
}



@article{diaconis1986,
  title={On inconsistent {B}ayes estimates of location},
  author={Diaconis, Persi and Freedman, David},
  journal={The Annals of Statistics},
  pages={\ 68--87},
  year={1986}
}


@article{doksum1990,
     jstor_articletype = {research-article},
     title = {Consistent and Robust {B}ayes Procedures for Location Based on Partial Information},
     author = {Doksum, Kjell A. and Lo, Albert Y.},
     journal = {The Annals of Statistics},
     volume = {18},
     pages = {443-453},
     language = {English},
     year = {1990},
     publisher = {Institute of Mathematical Statistics},
     copyright = {Copyright 1990 Institute of Mathematical Statistics}
    }

@article{fearnhead2012,
  title={Constructing Summary Statistics for Approximate {B}ayesian Computation: Semi-Automatic Approximate {B}ayesian Computation},
  author={Fearnhead, Paul and Prangle, Dennis},
  journal={Journal of the Royal Statistical Society: Series B},
  volume={74},
  pages={419--474},
  year={2012},
  publisher={Wiley Online Library}
}

@book{froome_essen,
  title={The Velocity of Light and Radio Waves},
  author={Froome, K.D. and Essen, L.},
  year={1969},
  publisher={Academic Press}
}

@article{garthwaite2005,
  title={Statistical Methods for Eliciting Probability Distributions},
  author={Garthwaite, Paul H and Kadane, Joseph B and O'Hagan, Anthony},
  journal={Journal of the American Statistical Association},
  volume={100},
  pages={680--701},
  year={2005},
  publisher={Taylor \& Francis}
}


@article{gelfand1990,
  title={Sampling-based approaches to calculating marginal densities},
  author={Gelfand, Alan E and Smith, Adrian F M},
  journal={Journal of the American Statistical Association},
  volume={85},
  pages={398--409},
  year={1990}
}


@book{gelman2004,
  title={{Bayesian Data Analysis}},
  author={Gelman, Andrew and Carlin, John B and Stern, Hal S and Rubin, Donald B},
  edition={2nd},
  year={2004},
  publisher={CRC press}
}

@article{gelman2006,
  title={Multilevel (hierarchical) modeling: what it can and cannot do},
  author={Gelman, Andrew},
  journal={Technometrics},
  volume={48},
  number={3},
  pages={432--435},
  year={2006},
  publisher={Taylor \& Francis}
}



@article{geman1984,
  title={Stochastic relaxation, Gibbs distributions, and the {B}ayesian Restoration of Images},
  author={Geman, Stuart and Geman, Donald},
  journal={Pattern Analysis and Machine Intelligence, IEEE Transactions on},
  pages={721--741},
  year={1984},
  publisher={IEEE}
}

@article{greco2008,
  title={Robust likelihood functions in {B}ayesian inference},
  author={Greco, Luca and Racugno, Walter and Ventura, Laura},
  journal={Journal of Statistical Planning and Inference},
  volume={138},
  number={5},
  pages={\ 1258--1270},
  year={2008},
  publisher={Elsevier}
}


@article{hastings1970,
  title={{M}onte {C}arlo sampling methods using {M}arkov chains and their applications},
  author={Hastings, W Keith},
  journal={Biometrika},
  volume={57},
  pages={97--109},
  year={1970},
  publisher={Biometrika Trust}
}



@article{hampel1974,
  title={The influence curve and its role in robust estimation},
  author={Hampel, Frank R},
  journal={Journal of the American Statistical Association},
  volume={69},
  number={346},
  pages={\ 383--393},
  year={1974},
}

@article{ho2010,
  title={Robust linear mixed models using the skew t distribution with application to schizophrenia data},
  author={Ho, Hsiu J and Lin, Tsung-I},
  journal={Biometrical Journal},
  volume={52},
  number={4},
  pages={\ 449--469},
  year={2010},
  publisher={Wiley Online Library}
}




@article{hoff2013,
  title={Likelihoods for Fixed Rank Nomination Networks},
  author={Hoff, Peter and Fosdick, Bailey and Volfovsky, Alex and Stovel, Katherine},
  journal={Network Science},
  volume={1},
  pages={253--277},
  year={2013},
  publisher={Cambridge Univ Press}
}

@article{hoffwakefield2013,
 title={Bayesian sandwich posteriors for pseudo-true parameters},
 author={Hoff, Peter and Wakefield, Jon},
 journal={Journal of Statistical Planning and Inference}, 
 volume={143}, 
 pages={\ 1638–1642},
 year={2013}
}



@article{huber1964,
  title={Robust Estimation of a Location Parameter},
  author={Huber, Peter J},
  journal={The Annals of Mathematical Statistics},
  volume={35},
  number={1},
  pages={\ 73--101},
  year={1964},
  publisher={Institute of Mathematical Statistics}
}


@book{huber1981,
  author = {Huber, P.J. and Wiley, J. and InterScience, W.},
  publisher = {Wiley New York},
  title = {{Robust statistics}},
  year = {1981}
}


@book{huber2009,
  author = {Huber, P.J. and Ronchetti, E.M.},
  publisher = {John Wiley \& Sons, Inc},
  title = {{Robust Statistics}},
  address={Hoboken, New Jersey},
  edition={2nd},
  series={Wiley Series in Probability and Statistics},
  year = {2009}
}


@article{hwang2005,
Author = {Hwang, H and So, B and Kim, Y},
Title = {On Limiting Posterior Distributions},
Journal = {Test},
Year = {2005},
Volume = {14},
Pages = {567-580},
Month = {DEC},
Publisher = {SOCIEDAD ESTADISTICA INVESTIGACION OPERATIVA},
Address = {HORTALEZA 104, 2 IZDA, 28004 MADRID, SPAIN},
Type = {Article},
Journal-ISO = {Test},
}




@article{joyce2008,
  title={Approximately sufficient statistics and {B}ayesian computation},
  author={Joyce, Paul and Marjoram, Paul},
  journal={Statistical Applications in Genetics and Molecular Biology},
  volume={7},
  number={1},
  year={2008}
}


@article{jung2014,
     title = {Cross-validation via Outlier Trimming},
     author = {Jung, Y. and MacEachern, S.N. and Lee, Y. },
	journal={},
	year={2014},
     note = {In preparation},
    }


@article{justel1996,
     jstor_articletype = {research-article},
     title = {Gibbs Sampling Will Fail in Outlier Problems with Strong Masking},
     author = {Justel, Ana and Pe{\~n}a, Daniel},
     journal = {Journal of Computational and Graphical Statistics},
     jstor_issuetitle = {},
     volume = {5},
     number = {2},
     jstor_formatteddate = {Jun., 1996},
     pages = {176-189},   
     language = {English},
     year = {1996},
     publisher = {American Statistical Association, Institute of Mathematical Statistics, and Interface Foundation of America},
     copyright = {Copyright � 1996 American Statistical Association, Institute of Mathematical Statistics and Interface Foundation of America},
    }


@article{justel2001,
title = "{B}ayesian unmasking in linear models ",
journal = "Computational Statistics and Data Analysis ",
volume = "36",
number = "1",
pages = "69 - 84",
year = "2001",
author = "Ana Justel and Daniel Pe{\~n}a",
}




@article{laird1982,
  title={Random-effects models for longitudinal data},
  author={Laird, Nan M and Ware, James H},
  journal={Biometrics},
  pages={\ 963--974},
  year={1982},
}


@article{kass1995,
  title={{B}ayes Factors},
  author={Kass, Robert E and Raftery, Adrian E},
  journal={Journal of the American Statistical Association},
  volume={90},
  pages={773--795},
  year={1995},
  publisher={Taylor \& Francis Group}
}
@article{kass1995reference,
  title={A reference Bayesian test for nested hypotheses and its relationship to the Schwarz criterion},
  author={Kass, Robert E and Wasserman, Larry},
  journal={Journal of the american statistical association},
  volume={90},
  number={431},
  pages={928--934},
  year={1995},
  publisher={Taylor \& Francis}
}


@article{Lange1989,
     jstor_articletype = {research-article},
     title = {Robust Statistical Modeling Using the t Distribution},
     author = {Lange, Kenneth L. and Little, Roderick J. A. and Taylor, Jeremy M. G.},
     journal = {Journal of the American Statistical Association},
     volume = {84},
     number = {408},
     jstor_formatteddate = {Dec., 1989},
     pages = {  881-896},
     language = {English},
     year = {1989},
     publisher = {American Statistical Association},
     copyright = {Copyright © 1989 American Statistical Association},
    }

@book{LeCam1953,
  title={On some asymptotic properties of maximum likelihood estimates and related {B}ayes' estimates},
  author={Le Cam, Lucien Marie},
  volume={1},
  number={11},
  year={1953},
  publisher={University of California press}
}


@article{lee2014,
  title={Inference functions in high dimensional Bayesian inference},
  author={Lee, Juhee and MacEachern, Steven N},
  journal={Statistics and Its Interface},
  volume={7},
  number={4},
  pages={477--486},
  year={2014},
  publisher={International Press of Boston}
}



@book{lehmann1998,
  title={{Theory of Point Estimation}},
  author={Lehmann, Erich Leo and Casella, George},
  year={1998},
  publisher={Springer}
}


@inproceedings{lewis2012,
  title={Robust Inference via the Blended Paradigm},
  author={Lewis, John and Lee, Yoonkyung and MacEachern, Steven},
year={2012},
pages={1773-1786},
booktitle={JSM Proceedings},
series= {Section on {B}ayesian Statistical Science}, 
organization={American Statistical Association}
}

@phdthesis{lewis2014,
  author = {Lewis, John},
  title = {{B}ayesian Restricted Likelihood Methods},
  school = {The Ohio State University},
  year = {2014}
}


@article{liang2008,
  title={Mixtures of g Priors for {B}ayesian Variable Selection},
  author={Liang, Feng and Paulo, Rui and Molina, German and Clyde, Merlise A and Berger, Jim O},
  journal={Journal of the American Statistical Association},
  volume={103},
  pages={410--423},
  year={2008}
}

@article{liu1994,
  title={The Collapsed {G}ibbs Sampler in {B}ayesian Computations with Applications to a Gene Regulation Problem},
  author={Liu, Jun S},
  journal={Journal of the American Statistical Association},
  volume={89},
  pages={958--966},
  year={1994},
  publisher={Taylor \& Francis Group}
}

 @article{newcomb,
     title = {A Generalized Theory of the Combination of Observations so as to Obtain the Best Result},
     author = {Simon Newcomb},
     journal = {American Journal of Mathematics},
     jstor_issuetitle = {},
     volume = {8},
     jstor_formatteddate = {Aug., 1886},
     pages = {  343-366},
     year = {1886},
     publisher = {The Johns Hopkins University Press},
    }

 
@article{marjoram2003,
     jstor_articletype = {research-article},
     title = {Markov Chain {M}onte {C}arlo without Likelihoods},
     author = {Marjoram, Paul and Molitor, John and Plagnol, Vincent and Simon Tavar\'{e}},
     journal = {Proceedings of the National Academy of Sciences of the United States of America},
     jstor_issuetitle = {},
     volume = {100},
     jstor_formatteddate = {Dec. 23, 2003},
     pages = {15324-15328},   
     language = {English},
     year = {2003},
     publisher = {National Academy of Sciences},
     copyright = {Copyright � 2003 National Academy of Sciences},
    }


 @article{monahan1992,
     title = {Proper Likelihoods for {B}ayesian Analysis},
     author = {Monahan, John F. and Boos, Dennis D.},
     journal = {Biometrika},
     volume = {79},
     number = {2},
     jstor_formatteddate = {Jun., 1992},
     pages = {  271-278},
     language = {English},
     year = {1992},
     publisher = {Biometrika Trust},
     copyright = {Copyright � 1992 Biometrika Trust},
    }

@book{maronna2006,
  title={Robust Statistics: Theory and Methods},
  author={Maronna, R.A. and Martin, D.R. and Yohai, V.J.},
  isbn={9780470010921},
  series={Wiley Series in Probability and Statistics},
  year={2006},
  address={West Sussex, England},
  publisher={John Wiley \& Sons, Ltd}
}

@article{mccullagh1983,
  title={Quasi-likelihood functions},
  author={McCullagh, Peter},
  journal={The Annals of Statistics},
  volume={11},
  number={1},
  pages={\ 59--67},
  year={1983},
  publisher={Institute of Mathematical Statistics}
}

@article{miao1992,
  title={On Principal Angles Between Subspaces in $\mathbb{R}^n$},
  author={Miao, Jianming and Ben-Israel, Adi},
  journal={Linear Algebra and its Applications},
  volume={171},
  pages={81--98},
  year={1992},
  publisher={Elsevier}
}


@book{maccullagh1989,
  title={Generalized linear models},
  author={MacCullagh, Peter and Nelder, John Ashworth},
  volume={37},
  year={1989},
  publisher={CRC press}
}


@article{mccullagh1991,
  title={Quasi-likelihood and estimating functions},
  author={McCullagh, P},
  journal={Statistical theory and modelling},
  pages={\ 265--286},
  year={1991},
  publisher={Chapman and hall, London}
}



@article{ohagan1979,
  title={On outlier rejection phenomena in {B}ayes inference},
  author={O'Hagan, Anthony},
  journal={Journal of the Royal Statistical Society. Series B (Methodological)},
  pages={\ 358--367},
  year={1979},
  publisher={JSTOR}
}


  @article{ohagan1990,
     title = {Outliers and Credence for Location Parameter Inference},
     author = {O'Hagan, A.},
     journal = {Journal of the American Statistical Association},
     volume = {85},
     number = {409},
     jstor_formatteddate = {Mar., 1990},
     pages = {  172-176},
     language = {English},
     year = {1990},
     publisher = {American Statistical Association},
    }


@book{ohagan2006,
  title={Uncertain judgements: eliciting experts' probabilities},
  author={O'Hagan, Anthony and Buck, Caitlin E and Daneshkhah, Alireza and Eiser, J Richard and Garthwaite, Paul H and Jenkinson, David J and Oakley, Jeremy E and Rakow, Tim},
  year={2006},
  publisher={John Wiley \& Sons}
}


@article{ohagan2012,
  title={{B}ayesian heavy-tailed models and conflict resolution: A review},
  author={O'Hagan, Anthony and Pericchi, Luis},
  journal={Brazilian Journal of Probability and Statistics},
  volume={26},
  number={4},
  pages={\ 372--401},
  year={2012},
  publisher={Brazilian Statistical Association}
}

@phdthesis{orourke2007,
author = {Keith O'Rourke},
title = {The Combining of Information:  Investigating and Synthesizing What is Possibly Common in Clinical Observations or Studies via Likelihood},
school = {University of Oxford},
year = {2007},
}




@article{pena1997,
  title={A simple diagnostic tool for local prior sensitivity},
  author={Pe{\~n}a, Daniel and Zamar, Ruben},
  journal={Statistics \& probability letters},
  volume={36},
  number={2},
  pages={\ 205--212},
  year={1997},
  publisher={Elsevier}
}


@article{pettitt1982,
  title={Inference for the Linear Model using a Likelihood Based on Ranks},
  author = {Pettitt, A. N.},
  journal={Journal of the Royal Statistical Society. Series B},
  volume={44},
  pages={234--243},
  year={1982}
}




@article{pettitt1983,
     title = {Likelihood Based Inference Using Signed Ranks for Matched Pairs},
     author = {Pettitt, A. N.},
     journal = {Journal of the Royal Statistical Society. Series B},
     volume = {45},
     pages = {287-296},
      ISSN = {00359246},
     language = {English},
     year = {1983}
    }

  @article{pinheiro2001,
     title = {Efficient Algorithms for Robust Estimation in Linear Mixed-Effects Models Using the Multivariate t Distribution},
     author = {Pinheiro, José C. and Liu, Chuanhai and Wu, Ying Nian},
     journal = {Journal of Computational and Graphical Statistics},
     jstor_issuetitle = {},
     volume = {10},
     number = {2},
     pages = {  249-276},
     year = {2001},
     publisher = {American Statistical Association, Institute of Mathematical Statistics, and Interface Foundation of America},
     copyright = {Copyright 2001 American Statistical Association, Institute of Mathematical Statistics and Interface Foundation of America},
    }

    @article{pratt1965,
     title = {{B}ayesian Interpretation of Standard Inference Statements},
     author = {Pratt, John W.},
     journal = {Journal of the Royal Statistical Society. Series B},
     volume = {27},
     pages = {169-203},
         year = {1965},
     publisher = {Wiley-Blackwell for the Royal Statistical Society},
     copyright = {Copyright � 1965 Royal Statistical Society},
    }


@article{pritchard1999,
  title={Population Growth of Human {Y} Chromosomes: {A} Study of Y Chromosome Microsatellites.},
  author={Pritchard, Jonathan K and Seielstad, Mark T and Perez-Lezaun, Anna and Feldman, Marcus W},
  journal={Molecular Biology and Evolution},
  volume={16},
  pages={1791--1798},
  year={1999},
  publisher={SMBE}
}



  @Manual{R,
    title = {R: A Language and Environment for Statistical Computing},
    author = {{R Core Team}},
    organization = {R Foundation for Statistical Computing},
    address = {Vienna, Austria},
    year = {2013},
    url = {http://www.R-project.org/},
  }

  
@article{ratcliff1993,
  title={Methods for Dealing with Reaction Time Outliers},
  author={Ratcliff, Roger},
  journal={Psychological Bulletin},
  volume={114},
  pages={510},
  year={1993},
  publisher={American Psychological Association}
}
  
   @article{rocke1982,
     jstor_articletype = {research-article},
     title = {Are Robust Estimators Really Necessary?},
     author = {Rocke, David M. and Downs, George W. and Rocke, Alan J.},
     journal = {Technometrics},
     jstor_issuetitle = {},
     volume = {24},
     number = {2},
     jstor_formatteddate = {May, 1982},
     pages = {  95-101},
     year = {1982},
     publisher = {American Statistical Association and American Society for Quality},
     copyright = {Copyright � 1982 American Statistical Association and American Society for Quality},
    }
    

@article{ronchetti1997,
  title={Robust Linear Model Selection by Cross-Validation},
  author={Ronchetti, Elvezio and Field, Christopher and Blanchard, Wade},
  journal={Journal of the American Statistical Association},
  volume={92},
  pages={1017--1023},
  year={1997},
  publisher={Taylor \& Francis}
}



@article{rubin1984,
     title = {{B}ayesianly Justifiable and Relevant Frequency Calculations for the Applied Statistician},
     author = {Rubin, Donald B.},
     journal = {The Annals of Statistics},
     jstor_issuetitle = {},
     volume = {12},
     number = {4},
     jstor_formatteddate = {Dec., 1984},
     pages = {  1151-1172},
     ISSN = {00905364},
     language = {English},
     year = {1984},
     publisher = {Institute of Mathematical Statistics},
     copyright = {Copyright � 1984 Institute of Mathematical Statistics},
    }





  @article{savage1969,
     title = {Nonparametric Statistics: A Personal Review},
     author = {Savage, I. Richard},
     journal = {Sankhya: The Indian Journal of Statistics, Series A (1961-2002)},
     volume = {31},
     pages = {107-144},
     year = {1969},
     publisher = {Springer on behalf of the Indian Statistical Institute}
    }


  
@article{sisson2007,
     jstor_articletype = {research-article},
     title = {Sequential {M}onte {C}arlo without Likelihoods},
     author = {Sisson, S. A. and Fan, Y. and Tanaka, Mark M.},
     journal = {Proceedings of the National Academy of Sciences of the United States of America},
     jstor_issuetitle = {},
     volume = {104},
     number = {6},
     jstor_formatteddate = {Feb. 6, 2007},
     pages = {  1760-1765},  
     language = {English},
     year = {2007},
     publisher = {National Academy of Sciences},
     copyright = {Copyright � 2007 National Academy of Sciences},
    }


@article{sivaganesan1993,
  title={Robust {B}ayesian Diagnostics},
  author={Sivaganesan, Siva},
  journal={Journal of Statistical Planning and Inference},
  volume={35},
  number={2},
  pages={\ 171--188},
  year={1993},
  publisher={Elsevier}
}


@article{song2007,
  title={Maximum likelihood inference in robust linear mixed-effects models using multivariate t distributions},
  author={Song, PX and Zhang, Peng and Qu, Annie},
  journal={Statistica Sinica},
  volume={17},
  number={3},
  pages={\ 929},
  year={2007},
  publisher={C/O DR HC HO, INST STATISTICAL SCIENCE, ACADEMIA SINICA, TAIPEI 115, TAIWAN}
}
 
@article{stigler1973,
     jstor_articletype = {research-article},
     title = {{S}imon {N}ewcomb, {P}ercy {D}aniell, and the History of Robust Estimation 1885-1920},
     author = {Stigler, Stephen M.},
     journal = {Journal of the American Statistical Association},
     jstor_issuetitle = {},
     volume = {68},
     number = {344},
     jstor_formatteddate = {Dec., 1973},
     pages = {  872-879},  
     language = {English},
     year = {1973},
     publisher = {American Statistical Association},
     copyright = {Copyright � 1973 American Statistical Association},
    }

@article{stigler1977,
     jstor_articletype = {research-article},
     title = {Do Robust Estimators Work with Real Data?},
     author = {Stigler, Stephen M.},
     journal = {The Annals of Statistics},
     jstor_issuetitle = {},
     volume = {5},
     number = {6},
     jstor_formatteddate = {Nov., 1977},
     pages = {  1055-1098},
     language = {English},
     year = {1977},
     publisher = {Institute of Mathematical Statistics},
     copyright = {Copyright � 1977 Institute of Mathematical Statistics},
    }
    
    
  @article{tavare1997,
  title={Inferring Coalescence Times from {DNA} Sequence Data},
  author={Tavar{\'e}, Simon and Balding, David J and Griffiths, RC and Donnelly, Peter},
  journal={Genetics},
  volume={145},
  pages={505--518},
  year={1997},
  publisher={Genetics Soc America}
}  


@INCOLLECTION{tukey1960,
AUTHOR       = {Tukey, John W.}, 
Editor       = {},
TITLE        = {A Survey of Sampling From Contaminated Distributions},
BOOKTITLE    = {Contributions to probability and statistics: essays in honor of Harold Hotelling},
Pages        = {},
 publisher={Stanford, CA: Stanford University Press},
YEAR         = {1960},
}


  @Book{venables2002,
  title = {Modern Applied Statistics with S},
    author = {W. N. Venables and B. D. Ripley},
    publisher = {Springer},
    edition = {Fourth},
    address = {New York},
    year = {2002},
  }


@article{verdinelli1991,
  title={{B}ayesian analysis of outlier problems using the Gibbs sampler},
  author={Verdinelli, Isabella and Wasserman, Larry},
  journal={Statistics and Computing},
  volume={1},
  number={2},
  pages={\ 105--117},
  year={1991},
  publisher={Springer}
}
    
    @article{walker1969,
     title = {On the Asymptotic Behaviour of Posterior Distributions},
     author = {Walker, A. M.},
     journal = {Journal of the Royal Statistical Society. Series B (Methodological)},
     volume = {31},
     number = {1},
     pages = {  80-88},
     language = {English},
     year = {1969},
     publisher = {Wiley-Blackwell for the Royal Statistical Society},
     copyright = {Copyright � 1969 Royal Statistical Society},
    }

@article{wedderburn1974,
  title={Quasi-likelihood functions, generalized linear models, and the Gauss-Newton method},
  author={Wedderburn, Robert WM},
  journal={Biometrika},
  volume={61},
  number={3},
  pages={\ 439--447},
  year={1974},
  publisher={Biometrika Trust}
}
@article{yuan2004,
     title = {Asymptotic Normality of the Posterior Given a Statistic},
     author = {Yuan, Ao and Bertrand Clarke},
     journal = {The Canadian Journal of Statistics},
     volume = {32},
     pages = {119-137},
	 language = {English},
     year = {2004},
     publisher = {Statistical Society of Canada},
     copyright = {Copyright � 2004 Statistical Society of Canada},
    }
    % / La Revue Canadienne de Statistique
    
    
%   Zellner, A. (1986)  In {B}ayesian Inference and Decision Techniques: Essays in Honor of Bruno de
%Finetti, (eds. P. K. Goel and A. Zellner),   233{243. North-Holland/Elsevier. 
    
   
@article{zellner1986,
     title = {On assessing prior distributions and {B}ayesian regression analysis with g-prior
distributions},
     author = {Zellner, A},
     journal = {{In} {B}ayesian Inference and Decision Techniques: Essays in Honor of Bruno de
Finetti},
	editor={P. K. Goel and A. Zellner},
     pages = {   233},
	 language = {English},
     year = {1986},
     publisher = {North-Holland/Elsevier},
}


 @article{Zellner1976,
     title = {{B}ayesian and Non-{B}ayesian Analysis of the Regression Model with Multivariate Student-t Error Terms},
     author = {Zellner, Arnold},
     journal = {Journal of the American Statistical Association},
     volume = {71},
     number = {354},
     pages = {  400-405},
     ISSN = {01621459},
     year = {1976},
     publisher = {American Statistical Association},
    }

